@misc{ubcallaccessdining, 
    title={Residence Dining Plan},
    author={UBC}, 
    year={2022},
    url={https://food.ubc.ca/meal-plans/residence-meal-plan-all-access-dining/}, 
    publisher={University of British Columbia} 
}

@misc{introduce_all_access, 
    title={Introducing All Access Dining at UBC Vancouver}, 
    url={https://shcs.ubc.ca/introducing-all-access-dining-at-ubc-vancouver/#:~:text=Following%20a%20successful%20launch%20of,Place%20Vanier%20and%20Totem%20Park.}, 
    publisher={University of British Columbia Student Housing and Community Services}, 
    author={SHCS},
    year={2022},
    month={Apr}
}

@misc{data_workbook,
  author       = {Wenyou Tian},
  howpublished = {Jupyter Notebook},
  title        = {Data Workbook},
  year         = {2024},
  month        = {Apr}
}

@misc{cleanup,
  author       = {Jonathan Graves and Thomas Chan},
  howpublished = {Jupyter Notebook},
  title        = {cleanup.r},
  year         = {2024}
}

@misc{template,
  author       = {Hao Ren},
  howpublished = {Overleaf Template},
  title        = {Math Notes Template},
  year         = {2023},
  url          = {https://www.overleaf.com/latex/templates/math-notes-template/kfqdrzrzpvvk}
}

@misc{food_waste,
  author       = {UBC-Food-Services},
  howpublished = {ZIP File},
  title        = {ECON326 data raw.zip},
  year         = {2024}
}